
@article{MicromouseRules,
  title={Micromouse Competition Rules},
  author={R. Misra and R. Adler},
  journal={Region 2 IEEE SAC 2018 - University of Pittsburgh},
  year={2018}
}

@misc{MicromousePhotoLink,
Author = {Jerry Wu},
title = {Micromouse project},
Year = {2015},
note = {https://jerry1100.github.io/projects/micromouse},
}

@manual{mcu,
    organization  = "Microchip Technology Inc.",
    title         = "dsPIC33FJ32MC302/304, dsPIC33FJ64MCX02/X04 and dsPIC33FJ128MCX02/X04 Data Sheet, High-Performance, 16-bit Digital Signal Controllers",
    number        = "DS70291E",
    year          =  2011,
    month         =  ""    
}




